//1
@article{chen2019distributed,
  title={Distributed Resilient Filtering for Power Systems Subject to Denial-of-Service Attacks},
  author={Chen, Wei and Ding, Derui and Dong, Hongli and Wei, Guoliang},
  journal={IEEE Transactions on Systems, Man, and Cybernetics: Systems},
  year={2019},
  publisher={IEEE}
}
//2
@inproceedings{karimazad2011anomaly,
  title={An anomaly-based method for DDoS attacks detection using RBF neural networks},
  author={Karimazad, Reyhaneh and Faraahi, Ahmad},
  booktitle={Proceedings of the International Conference on Network and Electronics Engineering},
  volume={11},
  pages={44--48},
  year={2011}
}
